@book{xie2017bookdown,
  title={bookdown: Authoring Books and Technical Documents with R Markdown},
  author={Xie, Yihui},
  year={2017},
  publisher={Chapman and Hall/CRC}
}
@article{desmond2019poverty,
  title={The Racialized Geography of Housing},
  author={Desmond, Matthew and Wilmers, Nathan},
  journal={American Journal of Sociology},
  year={2019}
}